<?xml version="1.0" encoding="UTF-8"?>
<OAI-PMH xmlns="http://www.openarchives.org/OAI/2.0/" xmlns:xsi="http://www.w3.org/2001/XMLSchema-instance" xsi:schemaLocation="http://www.openarchives.org/OAI/2.0/ http://www.openarchives.org/OAI/2.0/OAI-PMH.xsd">
<ListRecords>
<record>
<header status="updated">
<identifier>urm_publish:71275154030002121</identifier>
</header>
<metadata>
<record xmlns="http://www.loc.gov/MARC21/slim" xmlns:xsi="http://www.w3.org/2001/XMLSchema-instance" xsi:schemaLocation="http://www.loc.gov/MARC21/slim http://www.loc.gov/standards/marcxml/schema/MARC21slim.xsd" ><leader>01003cam a2200265 i 4500</leader><controlfield tag="005">20010520204910.0</controlfield><controlfield tag="008">790328s1978    xxuabh   b    00010 eng d</controlfield><controlfield tag="001">999505588702121</controlfield><datafield tag="035" ind1=" " ind2=" "><subfield code="a">(OCoLC)04792014</subfield></datafield><datafield tag="035" ind1=" " ind2=" "><subfield code="9">ABS4798UW</subfield></datafield><datafield tag="035" ind1=" " ind2=" "><subfield code="a">(WU)394331-uwmadisondb</subfield></datafield><datafield tag="040" ind1=" " ind2=" "><subfield code="a">GZP</subfield><subfield code="b">eng</subfield><subfield code="c">GZP</subfield><subfield code="d">WIH</subfield></datafield><datafield tag="090" ind1=" " ind2=" "><subfield code="a">F589.P3</subfield><subfield code="b">P3</subfield></datafield><datafield tag="110" ind1="2" ind2=" "><subfield code="a">Paris Historical Committee.</subfield><subfield code="2">LCNAMES</subfield><subfield code="0">41-LIBRARY_OF_CONGRESS-n  84161358</subfield><subfield code="9">Y</subfield></datafield><datafield tag="245" ind1="1" ind2="0"><subfield code="a">Paris, past and present :</subfield><subfield code="b">a history of the town of Paris, Kenosha County, Wisconsin /</subfield><subfield code="c">collected, compiled and sponsored by Paris Historical Committee ; Mary Johnson, editor. --</subfield></datafield><datafield tag="264" ind1=" " ind2="1"><subfield code="a">[Place of publication not identified] :</subfield><subfield code="b">[publisher not identified],</subfield><subfield code="c">1978.</subfield></datafield><datafield tag="300" ind1=" " ind2=" "><subfield code="a">v, 122 pages :</subfield><subfield code="b">illustrations, maps., portraits ;</subfield><subfield code="c">28 cm</subfield></datafield><datafield tag="336" ind1=" " ind2=" "><subfield code="a">text</subfield><subfield code="b">txt</subfield><subfield code="2">rdacontent</subfield></datafield><datafield tag="337" ind1=" " ind2=" "><subfield code="a">unmediated</subfield><subfield code="b">n</subfield><subfield code="2">rdamedia</subfield></datafield><datafield tag="338" ind1=" " ind2=" "><subfield code="a">volume</subfield><subfield code="b">nc</subfield><subfield code="2">rdacarrier</subfield></datafield><datafield tag="504" ind1=" " ind2=" "><subfield code="a">Bibliography: page 122.</subfield></datafield><datafield tag="651" ind1=" " ind2="0"><subfield code="a">Paris, Wis.</subfield><subfield code="x">History.</subfield><subfield code="2">LCSH</subfield></datafield><datafield tag="651" ind1=" " ind2="0"><subfield code="a">Paris, Wis.</subfield><subfield code="x">Description and travel.</subfield><subfield code="2">LCSH</subfield></datafield><datafield tag="700" ind1="1" ind2=" "><subfield code="a">Johnson, Mary.</subfield><subfield code="2">LCNAMES</subfield><subfield code="0">41-LIBRARY_OF_CONGRESS-n  84161357</subfield><subfield code="9">Y</subfield></datafield><datafield tag="997" ind1=" " ind2=" "><subfield code="a">MARCIVE</subfield></datafield><datafield tag="INST" ind1=" " ind2=" "><subfield code="a">01UWI_NETWORK</subfield><subfield code="b">P</subfield><subfield code="c">71275154030002121</subfield></datafield><datafield tag="INST" ind1=" " ind2=" "><subfield code="a">01UWI_MAD</subfield><subfield code="b">P</subfield><subfield code="c">21477545160002122</subfield></datafield><datafield tag="INST" ind1=" " ind2=" "><subfield code="a">01UWI_PL</subfield><subfield code="b">P</subfield><subfield code="c">2121500210002127</subfield></datafield><datafield tag="AVA" ind1=" " ind2=" "><subfield code="0">993943313602122</subfield><subfield code="8">22477545150002122</subfield><subfield code="a">01UWI_MAD</subfield><subfield code="b">WHSLIBRARY</subfield><subfield code="c">Pamphlet Collection</subfield><subfield code="d">78- 3630</subfield><subfield code="e">available</subfield><subfield code="f">2</subfield><subfield code="g">1</subfield><subfield code="j">pam</subfield><subfield code="k">8</subfield><subfield code="p">1</subfield><subfield code="q">Wisconsin Historical Society Library</subfield></datafield><datafield tag="AVA" ind1=" " ind2=" "><subfield code="0">991450873502127</subfield><subfield code="8">2221500200002127</subfield><subfield code="a">01UWI_PL</subfield><subfield code="b">PARKARC</subfield><subfield code="c">Archives</subfield><subfield code="d">F589.P3 P3</subfield><subfield code="e">available</subfield><subfield code="f">1</subfield><subfield code="g">0</subfield><subfield code="j">archives</subfield><subfield code="k">0</subfield><subfield code="p">1</subfield><subfield code="q">UW-Parkside Archives and Area Research Center</subfield></datafield><datafield tag="AVA" ind1=" " ind2=" "><subfield code="0">991450873502127</subfield><subfield code="8">2221500180002127</subfield><subfield code="a">01UWI_PL</subfield><subfield code="b">PARK</subfield><subfield code="c">Stacks</subfield><subfield code="d">F589.P3 P3 c.2</subfield><subfield code="e">available</subfield><subfield code="f">1</subfield><subfield code="g">0</subfield><subfield code="j">stacks</subfield><subfield code="k">0</subfield><subfield code="p">2</subfield><subfield code="q">UW-Parkside Library</subfield></datafield><datafield tag="MMS" ind1=" " ind2=" "><subfield code="b">999505588702121</subfield><subfield code="a">01UWI_NETWORK</subfield></datafield><datafield tag="MMS" ind1=" " ind2=" "><subfield code="b">993943313602122</subfield><subfield code="a">01UWI_MAD</subfield></datafield><datafield tag="MMS" ind1=" " ind2=" "><subfield code="b">991450873502127</subfield><subfield code="a">01UWI_PL</subfield></datafield></record>
</metadata>
</record>
</ListRecords>
</OAI-PMH>